@article{morenoFoundationsSociometryIntroduction1941,
  title = {Foundations of {{Sociometry}}: {{An Introduction}}},
  shorttitle = {Foundations of {{Sociometry}}},
  author = {Moreno, J. L.},
  year = {1941},
  month = feb,
  journal = {Sociometry},
  volume = {4},
  number = {1},
  pages = {15},
  issn = {00380431},
  doi = {10.2307/2785363},
  keywords = {SNA,Sociometry}
}


