%! Author = alexis
%! Date = 11/06/2022

